<record><leader>00000cas a22000007a 4500</leader><controlfield tag="001">28514905</controlfield><controlfield tag="008">930726d188u18uucauwr ne      0    0eng d</controlfield><datafield ind1=" " ind2=" " tag="010"><subfield code="a">sn 93052109 </subfield></datafield><datafield ind1=" " ind2=" " tag="040"><subfield code="a">CUY</subfield><subfield code="b">eng</subfield><subfield code="c">CNK</subfield><subfield code="d">OCLCQ</subfield></datafield><datafield ind1=" " ind2=" " tag="042"><subfield code="a">msc</subfield></datafield><datafield ind1="0" ind2=" " tag="130"><subfield code="a">Hanford journal (Hanford, Calif. : 1882)</subfield></datafield><datafield ind1="1" ind2="4" tag="245"><subfield code="a">The Hanford journal.</subfield></datafield><datafield ind1=" " ind2=" " tag="260"><subfield code="a">Hanford, Tulare County, Calif. :</subfield><subfield code="b">M. McWhorter</subfield></datafield><datafield ind1=" " ind2=" " tag="300"><subfield code="a">v.</subfield></datafield><datafield ind1=" " ind2=" " tag="310"><subfield code="a">Weekly</subfield></datafield><datafield ind1=" " ind2=" " tag="588"><subfield code="a">Description based on: Vol. 2, no. 6 (June 23, 1882).</subfield></datafield><datafield ind1=" " ind2="4" tag="651"><subfield code="a">Hanford (Calif.)</subfield><subfield code="v">Newspapers.</subfield></datafield><datafield ind1=" " ind2=" " tag="752"><subfield code="a">United States</subfield><subfield code="b">California</subfield><subfield code="c">Kings</subfield><subfield code="d">Hanford.</subfield></datafield><datafield ind1="1" ind2=" " tag="029"><subfield code="a">AU@</subfield><subfield code="b">000025898640</subfield></datafield></record>